% Bibliography
@book{shading,
	author    = {David Wolff}, 
	title     = {OpenGL 4 Shading Language Cookbook},
	publisher = {Packt Publishing},
	year      = 2013,
	edition   = 2,
	month     = 12,
	isbn      = {978-1-78216-702-0}
}

@book{superbible,
	author    = {Sellers, Graham and Wright Jr., Richard S. and Haemel, Nicholas}, 
	title     = {OpenGL Superbible: Comprehensive Tutorial and Reference},
	publisher = {Pearson Education},
	year      = 2015,
	edition   = 7,
	month     = 7,
	isbn      = {978-0672337475}
}


@misc{learnopengl,
	author    = "Joey de Vries",
	title     = "Learn {OpenGL}",
	note      = "\url{https://learnopengl.com/} {Visited 20-02-2017}",
}

@misc{cameraopengl,
	author    = "Joey de Vries",
	title     = "Learn {OpenGL}: Camera",
	note      = "\url{https://learnopengl.com/#!Getting-started/Camera} {Visited 04-06-2017}",
}

@misc{lightinglearnopengl,
	author    = "Joey de Vries",
	title     = "Learn {OpenGL}: Lighting",
	note      = "\url{https://learnopengl.com/#!Lighting/Basic-Lighting} {Visited 04-06-2017}",
}

@misc{phonglighting,
	author    = "",
	title     = "Phong Lighting",
	note      = "\url{https://en.wikipedia.org/wiki/Phong_reflection_model} {Visited 05-06-2017}",
}

@manual{openglweb,
	author    = "",
	title     = "OpenGL",
	note 	  = "\url{https://www.opengl.org/}  {Visited 27-05-2017}"
}

@manual{visualstudioteamservices,
	author    = "",
	title     = "Visual Studio Team Services",
	note 	  = "\url{https://www.visualstudio.com/team-services/}  {Visited 17-02-2017}"
}

@manual{alphatest,
	author    = "",
	title     = "Alpha Test in OpenGL",
	note 	  = "\url{https://www.khronos.org/opengl/wiki/Transparency_Sorting#Alpha_test}  {Visited 28-05-2017}"
}


@manual{blendtest,
	author    = "",
	title     = "Blending in OpenGL",
	note 	  = "\url{https://www.khronos.org/opengl/wiki/Blending}  {Visited 25-05-2017}"
}

@manual{cloc,
	author    = "",
	title     = "Cute Test Framework",
	note 	  = "\url{http://cute-test.com/projects/cute}  {Visited 27-02-2017}"
}

@manual{cute,
	author    = "AlDanial",
	title     = "Count Lines of Code",
	note 	  = "\url{https://github.com/AlDanial/cloc}  {Visited 30-05-2017}"
}

@manual{glfw,
	author    = "",
	title     = "GLFW: Multi-platform C++ for OpenGL",
	note 	  = "\url{http://www.glfw.org/index.html}  {Visited 16-02-2017}"
}

@manual{glew,
	author    = "",
	title     = "GLEW: C/C++ extension loading library",
	note 	  = "\url{http://glew.sourceforge.net/}  {Visited 18-02-2017}"
}
@manual{glm,
	author    = "",
	title     = "GLM: C++ mathematics library for graphics software",
	note 	  = "\url{http://glm.g-truc.net/0.9.8/index.html}  {Visited 18-02-2017}"
}

@manual{jsoncpp,
	author    = "",
	title     = "Jsoncpp: Json support in C++",
	note 	  = "\url{https://github.com/open-source-parsers/jsoncpp/wiki}  {Visited 05-05-2017}"
}

@manual{3dgraphics,
	author    = "",
	title     = "3D Graphics with OpenGL By Examples",
	note 	  = "\url{https://www3.ntu.edu.sg/home/ehchua/programming/opengl/CG_Examples.html}  {Visited 28-05-2017}"
}

@manual{realtutorials,
	author    = "",
	title     = "Real 3D Tutorials",
	note 	  = "\url{http://www.real3dtutorials.com/tut00002.php}  {Visited 26-05-2017}"
}


@manual{scrum,
	author    = "",
	title     = "Scrum",
	note 	  = "\url{https://www.scrum.org/resources/what-is-scrum}  {Visited 03-05-2017}"
}

@manual{sprint,
	author    = "",
	title     = "What is a Sprint in Scrum?",
	note 	  = "\url{https://www.scrum.org/resources/what-is-a-sprint-in-scrum?gclid=COfZq9qwotQCFZRsGwod82AG_g}  {Visited 03-05-2017}"
}


@manual{gramprocess,
	author    = "",
	title     = "Gram-Schmidt Process",
	note 	  = "\url{http://mathworld.wolfram.com/Gram-SchmidtOrthonormalization.html}  {Visited 04-05-2017}"
}

@manual{normalvector,
	author    = "",
	title     = "Normal Vector",
	note 	  = "\url{http://mathworld.wolfram.com/NormalVector.html}  {Visited 05-06-2017}"
}

@manual{kronos-group,
	author    = "",
	title     = "Khronos Group",
	note 	  = "\url{https://www.khronos.org/about}  {Visited 06-06-2017}"
}

@manual{stl-wikipedia,
	author    = "",
	title     = "STL file format",
	note 	  = "\url{https://en.wikipedia.org/wiki/STL_(file_format)}  {Visited 10-06-2017}"
}

@manual{assimp,
	author    = "",
	title     = "Open Asset Import Library",
	note 	  = "\url{http://assimp.sourceforge.net/index.html}  {Visited 10-03-2017}"
}

@manual{scene,
	author    = "",
	title     = "Unity-Manual: Scenes",
	note 	  = "\url{https://docs.unity3d.com/Manual/CreatingScenes.html}  {Visited 12-03-2017}"
}


%Templates
@article{einstein,
	author =       "Albert Einstein",
	title =        "{Zur Elektrodynamik bewegter K{\"o}rper}. ({German})
	[{On} the electrodynamics of moving bodies]",
	journal =      "Annalen der Physik",
	volume =       "322",
	number =       "10",
	pages =        "891--921",
	year =         "1905",
	DOI =          "http://dx.doi.org/10.1002/andp.19053221004"
}

@book{latexcompanion,
    author    = "Michel Goossens and Frank Mittelbach and Alexander Samarin",
    title     = "The \LaTeX\ Companion",
    year      = "1993",
    publisher = "Addison-Wesley",
    address   = "Reading, Massachusetts"
}
 
@misc{knuthwebsite,
    author    = "Donald Knuth",
    title     = "Knuth: Computers and Typesetting",
    url       = "http://www-cs-faculty.stanford.edu/\~{}uno/abcde.html"
}

@article{article,
	author  = {Peter Adams}, 
	title   = {The title of the work},
	journal = {The name of the journal},
	year    = 1993,
	number  = 2,
	pages   = {201-213},
	month   = 7,
	note    = {An optional note}, 
	volume  = 4
}

@book{book,
	author    = {Peter Babington}, 
	title     = {The title of the work},
	publisher = {The name of the publisher},
	year      = 1993,
	volume    = 4,
	series    = 10,
	address   = {The address},
	edition   = 3,
	month     = 7,
	note      = {An optional note},
	isbn      = {3257227892}
}

@booklet{booklet,
	title        = {The title of the work},
	author       = {Peter Caxton}, 
	howpublished = {How it was published},
	address      = {The address of the publisher},
	month        = 7,
	year         = 1993,
	note         = {An optional note}
}

@conference{conference,
	author       = {Peter Draper}, 
	title        = {The title of the work},
	booktitle    = {The title of the book},
	year         = 1993,
	editor       = {The editor},
	volume       = 4,
	series       = 5,
	pages        = 213,
	address      = {The address of the publisher},
	month        = 7,
	organization = {The organization},
	publisher    = {The publisher},
	note         = {An optional note}  
}

@inbook{inbook,
	author       = {Peter Eston}, 
	title        = {The title of the work},
	chapter      = 8,
	pages        = {201-213},
	publisher    = {The name of the publisher},
	year         = 1993,
	volume       = 4,
	series       = 5,
	address      = {The address of the publisher},
	edition      = 3,
	month        = 7,
	note         = {An optional note}
}

@incollection{incollection,
	author       = {Peter Farindon}, 
	title        = {The title of the work},
	booktitle    = {The title of the book},
	publisher    = {The name of the publisher},
	year         = 1993,
	editor       = {The editor},
	volume       = 4,
	series       = 5,
	chapter      = 8,
	pages        = {201-213},
	address      = {The address of the publisher},
	edition      = 3,
	month        = 7,
	note         = {An optional note}
}

@manual{manual,
	title        = {The title of the work},
	author       = {Peter Gainsford}, 
	organization = {The organization},
	address      = {The address of the publisher},
	edition      = 3,
	month        = 7,
	year         = 1993,
	note         = {An optional note}
}

@mastersthesis{mastersthesis,
	author       = {Peter Harwood}, 
	title        = {The title of the work},
	school       = {The school where the thesis was written},
	year         = 1993,
	address      = {The address of the publisher},
	month        = 7,
	note         = {An optional note}
}

@misc{misc,
	author       = {Peter Isley}, 
	title        = {The title of the work},
	howpublished = {\url{http://www.google.ch}},
	note         = {Zugriffsdatum: 25. September 1985}
}

@phdthesis{phdthesis,
	author       = {Peter Joslin}, 
	title        = {The title of the work},
	school       = {The school where the thesis was written},
	year         = 1993,
	address      = {The address of the publisher},
	month        = 7,
	note         = {An optional note}
}

@proceedings{proceedings,
	title        = {The title of the work},
	year         = 1993,
	editor       = {Peter Kidwelly},
	volume       = 4,
	series       = 5,
	address      = {The address of the publisher},
	month        = 7,
	organization = {The organization},
	publisher    = {The name of the publisher},
	note         = {An optional note}
}

@techreport{techreport,
	author       = {Peter Lambert}, 
	title        = {The title of the work},
	institution  = {The institution that published},
	year         = 1993,
	number       = 2,
	address      = {The address of the publisher},
	month        = 7,
	note         = {An optional note}
}

@unpublished{unpublished,
	author       = {Peter Marcheford}, 
	title        = {The title of the work},
	note         = {An optional note},
	month        = 7,
	year         = 1993
}